<?xml version="1.0" encoding="UTF-8"?><collection><record><leader>06982ntm a2200601 a 4500</leader><controlfield tag="001">006768498</controlfield><controlfield tag="003">MiAaHDL</controlfield><controlfield tag="005">20190719000000.0</controlfield><controlfield tag="006">m        d        </controlfield><controlfield tag="007">cr bn ---auaua</controlfield><controlfield tag="008">090505s1764    xx            00| ||ara d</controlfield><datafield tag="035" ind1=" " ind2=" "><subfield code="a">(MiU)006768498</subfield></datafield><datafield tag="035" ind1=" " ind2=" "><subfield code="a">sdr-miu006768498</subfield></datafield><datafield tag="040" ind1=" " ind2=" "><subfield code="a">MiU</subfield><subfield code="c">MiU</subfield><subfield code="e">amremm</subfield></datafield><datafield tag="043" ind1=" " ind2=" "><subfield code="a">n-us-mi</subfield></datafield><datafield tag="100" ind1="1" ind2=" "><subfield code="6">880-01</subfield><subfield code="a">Jurjānī, ʻAlī ibn Muḥammad,</subfield><subfield code="c">al-Sayyid al-Sharīf,</subfield><subfield code="d">1340-1413.</subfield></datafield><datafield tag="240" ind1="1" ind2="0"><subfield code="6">880-02</subfield><subfield code="a">Taʻrīfāt</subfield></datafield><datafield tag="245" ind1="1" ind2="0"><subfield code="6">880-03</subfield><subfield code="a">[Kitāb al-Taʻrīfāt,</subfield><subfield code="f">1177, i.e. 1764].</subfield></datafield><datafield tag="246" ind1="3" ind2="8"><subfield code="a">[تعر]يفات سيد [شريف]</subfield></datafield><datafield tag="260" ind1=" " ind2=" "><subfield code="c">[1764].</subfield></datafield><datafield tag="300" ind1=" " ind2=" "><subfield code="a">80 leaves :</subfield><subfield code="b">paper ;</subfield><subfield code="c">216 x 150 (155 x 69) bound to 216 x 160 mm.</subfield></datafield><datafield tag="500" ind1=" " ind2=" "><subfield code="a">Shelfmark: Ann Arbor, University of Michigan, Special Collections Library, Isl. Ms. 126</subfield></datafield><datafield tag="500" ind1=" " ind2=" "><subfield code="a">Origin: As appears in colophon on p.161, copied from and collated with three manuscripts by ʻUmar ibn Muḥammad. Transcription finished ("ḥarrartu hādhā al-kitāb...qad waqaʻa al-farāgh...") mid-Ramaḍān 1177 [March 1764].</subfield></datafield><datafield tag="500" ind1=" " ind2=" "><subfield code="a">Accompanying materials: Slips bearing notes (paginated pp.71-72, pp.97-98, pp.155-156).</subfield></datafield><datafield tag="500" ind1=" " ind2=" "><subfield code="a">Former shelfmark: British Museum, London "No. 87. Tarifat of Jurjani."</subfield></datafield><datafield tag="500" ind1=" " ind2=" "><subfield code="a">Binding: Pasteboards covered in red leather with dark brown leather at spine, fore-edge flap and edges/turn-ins, now covered in paper and green-blue cloth ; Type II binding (with flap) ; board linings in yellow laid paper ; sewn in black or dark blue thread, two stations ; enbands virtually gone with only traces of primaries and core remaining ; in poor condition with abrasion, lifting and losses to cloth, spine slant (cocked), and entire textblock warped, etc.</subfield></datafield><datafield tag="500" ind1=" " ind2=" "><subfield code="a">Support: European laid paper with 10 laid lines per cm. (vertical), chain lines spaced 20-23 mm. apart (horizontal), and three hats watermark (similar to Heawood 2599 though later) ; well-burnished and smooth ; quite thin and translucent ; much staining.</subfield></datafield><datafield tag="500" ind1=" " ind2=" "><subfield code="a">Decoration: Keywords, section headings, and abbreviations rubricated ; textual divders in the form of discs in red ; diagram in margin on p.114 and on p.120.</subfield></datafield><datafield tag="500" ind1=" " ind2=" "><subfield code="a">Script: Naskh-nastaʻlīq ; virtually serifless ; mainly closed counters ; effect of words descending to baseline, occasionally more exaggerated ; occasional extension of horizontal strokes.</subfield></datafield><datafield tag="500" ind1=" " ind2=" "><subfield code="a">Layout: Written in 23 lines per page ; frame-ruled.</subfield></datafield><datafield tag="500" ind1=" " ind2=" "><subfield code="a">Collation: ii, 8 V(80) ; entirely quinions ; catchwords present ; pagination in pencil, Western numerals, supplied during digitization (includes inserts and flyleaves).</subfield></datafield><datafield tag="500" ind1=" " ind2=" "><subfield code="a">Colophon: "Scribal," triangular, reads: "الحمد لله على التمام والصلوة والسلام على محمد سيد الانام وعلى اله واصحابه نجوم الظلام وانا الفقير عمر ابن محمد عفي عنهما الفرد الصمد تم تم تم ... حررت هذا الكتاب من نسخ ثلث وقابلته منها بعد التحرير ... قد وقع الفراغ في سنة سبع وسبعين ومائة والف من هجرة من له العز والشرف في اواسط رمضان المبارك في ليلة الاحد تم تم"</subfield></datafield><datafield tag="500" ind1=" " ind2=" "><subfield code="a">Explicit: "اليونسية وهو اصحاب يونس ابن عبد الرحمن قال الله تعالى على العرش تحمله الملائكة تمت"</subfield></datafield><datafield tag="500" ind1=" " ind2=" "><subfield code="a">Incipit: "الحمد لله حق حمده والصلوة على خير خلقه محمد واله وبعد فهذه تعريفات جمعتها واصطلاحات اخذتها من كتب القوم ورتبتها على حروف الهجآء من الالف والباء الى الياء ..."</subfield></datafield><datafield tag="500" ind1=" " ind2=" "><subfield code="a">Title from opening (p.6).</subfield></datafield><datafield tag="500" ind1=" " ind2=" "><subfield code="a">Ms. codex.</subfield></datafield><datafield tag="510" ind1="4" ind2=" "><subfield code="a">Brockelmann, C. GAL,</subfield><subfield code="c">II, 216 ; SII, 305</subfield></datafield><datafield tag="520" ind1="8" ind2=" "><subfield code="a">Neat copy of al-Jurjānī's dictionary of philosophical and Sufi terms, followed by brief excerpts of other works.</subfield></datafield><datafield tag="538" ind1=" " ind2=" "><subfield code="a">Mode of access: Internet.</subfield></datafield><datafield tag="541" ind1=" " ind2=" "><subfield code="c">Purchase ;</subfield><subfield code="a">Acquired by purchase along with Abdul Hamid Collection (funds donated by Horace Rackham).</subfield><subfield code="d">1924.</subfield></datafield><datafield tag="546" ind1=" " ind2=" "><subfield code="a">Arabic.</subfield></datafield><datafield tag="561" ind1=" " ind2=" "><subfield code="a">Bookplate of British Museum, London on interior of upper cover, "British Museum, London. No. 87. Tarifat of Jurjani." ; circular seal impression with figure of goat/gazelle in purple ink as well as inscription "119" in Western numerals on interior of upper cover ; on blue-tinted paper pasted on ’title page’ (p.5), a detailed waqf statement in the name of al-Sayyid ʻAbd Allāh Adīb (Abdullah Edip), known as Jannatʹzādah (Cennet-zade), qāḍī of Erzurum, accompanied by his seal, reads: "وقفت وقفا صحيحا شرعيا على ان لا يخرج من بيت الكتب الملتصق بداري الا لعلماء سكنوا بارضروم بكفيل مرعى اورهن قوي وانا الفقير اليه عز شانه السيد عبد الله اديب الشهير بجنت زاده القاضي بمدينة ارضروم في سنة اثنى وستين ومائتين والف" ; also on 'title page' (p.5) several seal impressions, square, octagonal and oval ; oval seal impression "حسبي الله ونعم الوكيل السيد اسماعيل محيي" accompanies ownership statement in name of Jannat’zādah, al-Sayyid Ismāʻīl Muḥyī ibn Muḥammad Rāghib (Cennetzade İsmail Muhyi bin Mehmet Ragıp) reads "انتقل بالارث الشرعي الى ملك الفقير اليه سبحانه وتعالى جنت زاده اسماعيل محيي المدرس وقائمقام ونقيب الاشرف بارضروم ابن جنت زاده محمد راغب المفتي وبعد حاكم الشرع النبوي بمدينة ... [؟] غفر لهم ولوالديهم ..." ; several dated statements (ranging from 1217 to 1246 [1802 to 1831] with one death notice dated 1292 [1875]) in Ottoman Turkish on final leaves (p.168-170) and lower board lining, birth notices, death notices, etc. ; numerous glosses and occasional marginal corrections ; collation statement within colophon.</subfield></datafield><datafield tag="650" ind1=" " ind2="0"><subfield code="a">Manuscripts, Arabic</subfield><subfield code="z">Michigan</subfield><subfield code="z">Ann Arbor.</subfield></datafield><datafield tag="650" ind1=" " ind2="0"><subfield code="a">Islam</subfield><subfield code="v">Terminology</subfield><subfield code="v">Early works to 1800.</subfield></datafield><datafield tag="650" ind1=" " ind2="0"><subfield code="a">Islamic philosophy</subfield><subfield code="v">Dictionaries</subfield><subfield code="v">Early works to 1800.</subfield></datafield><datafield tag="650" ind1=" " ind2="0"><subfield code="a">Sufism</subfield><subfield code="v">Dictionaries</subfield><subfield code="v">Early works to 1800.</subfield></datafield><datafield tag="700" ind1="0" ind2=" "><subfield code="6">880-05</subfield><subfield code="a">Cennetzade İsmail Muyhi bin Mehmet Ragıp,</subfield><subfield code="d">fl. 1817 or 8,</subfield><subfield code="e">former owner.</subfield></datafield><datafield tag="700" ind1="0" ind2=" "><subfield code="6">880-04</subfield><subfield code="a">ʻUmar ibn Muḥammad,</subfield><subfield code="d">fl.1764,</subfield><subfield code="e">scribe,</subfield><subfield code="e">collator.</subfield></datafield><datafield tag="773" ind1="0" ind2=" "><subfield code="a">Tiflis Collection.</subfield></datafield><datafield tag="880" ind1="0" ind2=" "><subfield code="6">700-05/</subfield><subfield code="a">جنت زاده اسماعيل محيى بن محمد راغب،</subfield><subfield code="e">مالك سابق.</subfield></datafield><datafield tag="880" ind1="0" ind2=" "><subfield code="6">700-04/</subfield><subfield code="a">عمر بن محمد،</subfield><subfield code="e">ناسخ،</subfield><subfield code="e">مقابل.</subfield></datafield><datafield tag="880" ind1="1" ind2="0"><subfield code="6">245-03/</subfield><subfield code="a">[كتاب التعريفات,</subfield><subfield code="f">1177ه، 1764م].</subfield></datafield><datafield tag="880" ind1="1" ind2="0"><subfield code="6">240-02/</subfield><subfield code="a">تعريفات</subfield></datafield><datafield tag="880" ind1="1" ind2=" "><subfield code="6">100-01/</subfield><subfield code="a">جرجاني، علي بن محمد،</subfield><subfield code="c">السيد الشريف.</subfield></datafield><datafield tag="CID" ind1=" " ind2=" "><subfield code="a">006768498</subfield></datafield><datafield tag="DAT" ind1="0" ind2=" "><subfield code="a">20190719102635.0</subfield><subfield code="b">20190719000000.0</subfield></datafield><datafield tag="DAT" ind1="1" ind2=" "><subfield code="a">20190719090653.0</subfield><subfield code="b">2019-07-19T16:11:19Z</subfield></datafield><datafield tag="DAT" ind1="2" ind2=" "><subfield code="a">2015-10-10T18:00:06Z</subfield></datafield><datafield tag="CAT" ind1=" " ind2=" "><subfield code="a">SDR-MIU</subfield><subfield code="d">EX LIBRIS - ALEPH</subfield><subfield code="l">prepare.pl-004-008</subfield></datafield><datafield tag="FMT" ind1=" " ind2=" "><subfield code="a">BK</subfield></datafield><datafield tag="HOL" ind1=" " ind2=" "><subfield code="0">sdr-miu006768498</subfield><subfield code="a">MiU</subfield><subfield code="b">SDR</subfield><subfield code="c">MIU</subfield><subfield code="p">mdp.39015079125251</subfield><subfield code="s">MIU</subfield><subfield code="1">006768498</subfield></datafield><datafield tag="974" ind1=" " ind2=" "><subfield code="b">MIU</subfield><subfield code="c">MIU</subfield><subfield code="d">20190719</subfield><subfield code="s">lit-dlps-dc</subfield><subfield code="u">mdp.39015079125251</subfield><subfield code="y">1764</subfield><subfield code="r">pd</subfield><subfield code="q">bib</subfield><subfield code="t">non-US bib date1 &lt; 1879</subfield></datafield></record></collection>